@article{ResNet,
  author       = {Kaiming He and
                  Xiangyu Zhang and
                  Shaoqing Ren and
                  Jian Sun},
  title        = {Deep Residual Learning for Image Recognition},
  journal      = {CoRR},
  volume       = {abs/1512.03385},
  year         = {2015},
  url          = {http://arxiv.org/abs/1512.03385},
  eprinttype    = {arXiv},
  eprint       = {1512.03385},
  timestamp    = {Wed, 25 Jan 2023 11:01:16 +0100},
  biburl       = {https://dblp.org/rec/journals/corr/HeZRS15.bib},
  bibsource    = {dblp computer science bibliography, https://dblp.org}
}

@software{torchvision,
    title        = {TorchVision: PyTorch's Computer Vision library},
    author       = {TorchVision maintainers and contributors},
    year         = 2016,
    journal      = {GitHub repository},
    publisher    = {GitHub},
    howpublished = {\url{https://github.com/pytorch/vision}}
}

@article{GRADCAM,
  author       = {Ramprasaath R. Selvaraju and
                  Abhishek Das and
                  Ramakrishna Vedantam and
                  Michael Cogswell and
                  Devi Parikh and
                  Dhruv Batra},
  title        = {Grad-CAM: Why did you say that? Visual Explanations from Deep Networks
                  via Gradient-based Localization},
  journal      = {CoRR},
  volume       = {abs/1610.02391},
  year         = {2016},
  url          = {http://arxiv.org/abs/1610.02391},
  eprinttype    = {arXiv},
  eprint       = {1610.02391},
  timestamp    = {Mon, 13 Aug 2018 16:46:58 +0200},
  biburl       = {https://dblp.org/rec/journals/corr/SelvarajuDVCPB16.bib},
  bibsource    = {dblp computer science bibliography, https://dblp.org}
}

@article{ReLU,
  author       = {Abien Fred Agarap},
  title        = {Deep Learning using Rectified Linear Units (ReLU)},
  journal      = {CoRR},
  volume       = {abs/1803.08375},
  year         = {2018},
  url          = {http://arxiv.org/abs/1803.08375},
  eprinttype    = {arXiv},
  eprint       = {1803.08375},
  timestamp    = {Mon, 13 Aug 2018 16:47:13 +0200},
  biburl       = {https://dblp.org/rec/journals/corr/abs-1803-08375.bib},
  bibsource    = {dblp computer science bibliography, https://dblp.org}
}

@article{adam,
  title={Adam: A method for stochastic optimization},
  author={Kingma, Diederik P and Ba, Jimmy},
  journal={arXiv preprint arXiv:1412.6980},
  year={2014},
  url={https://arxiv.org/abs/1412.6980}
}

@article{topk,
  author       = {Li{-}Ping Liu and
                  Thomas G. Dietterich and
                  Nan Li and
                  Zhi{-}Hua Zhou},
  title        = {Transductive Optimization of Top k Precision},
  journal      = {CoRR},
  volume       = {abs/1510.05976},
  year         = {2015},
  url          = {http://arxiv.org/abs/1510.05976},
  eprinttype    = {arXiv},
  eprint       = {1510.05976},
  timestamp    = {Thu, 12 Aug 2021 17:49:36 +0200},
  biburl       = {https://dblp.org/rec/journals/corr/LiuDLZ15.bib},
  bibsource    = {dblp computer science bibliography, https://dblp.org}
}

@article{randomsearch,
  title={Random search for hyper-parameter optimization.},
  author={Bergstra, James and Bengio, Yoshua},
  journal={Journal of machine learning research},
  volume={13},
  number={2},
  year={2012}
}